<?xml version="1.0" encoding="UTF-8"?><collection xmlns="http://www.loc.gov/MARC21/slim"><record><leader>00415nam--2200133-i-4500</leader><controlfield tag="001">000009478</controlfield><controlfield tag="002">20161230</controlfield><controlfield tag="005">20161230201028</controlfield><controlfield tag="008">060222s1000------------r-----000-0-eng-d</controlfield><datafield ind1=" " ind2=" " tag="080"><subfield code="a">539.17.01(047)</subfield></datafield><datafield ind1=" " ind2=" " tag="100"><subfield code="a">Beregi, P</subfield></datafield><datafield ind1=" " ind2=" " tag="245"><subfield code="a">A graphical method for the determination of al l resonance parameters in nuclear reactions</subfield></datafield><datafield ind1=" " ind2=" " tag="260"><subfield code="a">Dubna, Joint Institute For Nuclear Research, 1970. 14 P. Cu Fig</subfield></datafield><datafield ind1=" " ind2=" " tag="852"><subfield code="a">33708</subfield></datafield></record></collection>